@INPROCEEDINGS{Rinard04enhancingserver,
    author = {Martin Rinard and Cristian Cadar and Daniel Dumitran and Daniel M. Roy and Tudor Leu and William S. Beebee},
    title = {Enhancing Server Availability and Security Through Failure-Oblivious Computing},
    booktitle = {In Proceedings 6 th Symposium on Operating Systems Design and Implementation (OSDI)},
    year = {2004},
    pages = {303--316}
}

@INPROCEEDINGS{Nethercote03valgrind:a,
    author = {Nicholas Nethercote and Julian Seward},
    title = {Valgrind: A program supervision framework},
    booktitle = {In Third Workshop on Runtime Verification (RV’03)},
    year = {2003}
}

@INPROCEEDINGS{Nethercote07valgrind:a,
    author = {Nicholas Nethercote and Julian Seward},
    title = {Valgrind: A framework for heavyweight dynamic binary instrumentation},
    booktitle = {In Proceedings of the 2007 Programming Language Design and Implementation Conference},
    year = {2007}
}

@INPROCEEDINGS{Nethercote05memcheck,
    author = {Nicholas Nethercote and Julian Seward},
    title = {Using Valgrind to detect undefined value errors with bit-precision},
    booktitle = {Proceedings of the USENIX'05 Annual Technical Conference},
    year = {2005}
}

@INPROCEEDINGS{Luk05pin:building,
    author = {Chi-keung Luk and Robert Cohn and Robert Muth and Harish Patil and Artur Klauser and Geoff Lowney and Steven Wallace and Vijay Janapa and Reddi Kim Hazelwood},
    title = {Pin: building customized program analysis tools with dynamic instrumentation},
    booktitle = {In PLDI ’05: Proceedings of the 2005 ACM SIGPLAN conference on Programming language design and implementation},
    year = {2005},
    pages = {190--200},
    publisher = {ACM Press}
}

@misc{website:dynamorio,
      title = "DynamoRIO",
      url = "http://www.dynamorio.org"
}

@misc{website:drmemory,
      title = "Dr. Memory",
      url = "http://www.drmemory.org"
}

@TECHREPORT{Bruening04efficient,
    author = {Derek L. Bruening},
    title = {Efficient, Transparent and Comprehensive Runtime Code Manipulation},
    institution = {},
    year = {2004}
}

@MISC{Bruening_practicalmemory,
    author = {Derek Bruening and Qin Zhao},
    title = {Practical Memory Checking with Dr. Memory},
    year = {}
}

